%misc, article, online, book, booklet

% Vores egne kilder indsættes herunder:



@online{vaeb,
    author    = {Diederik P. Kingma, Max Welling},
    title     = "{Auto-Encoding Variational Bayes}",
    url       = {https://arxiv.org/pdf/1312.6114.pdf},
    year     = {2014},
    month    = {5},
    note      = {Retrieved Mar 28, 2020}
}

@online{wikijs,
    author    = {Wiki.js},
    title     = "{Wiki.js}",
    url       = {https://wiki.js.org/},
    year     = {2020},
    month    = {3},
    note      = {Retrieved Mar 28, 2020}
}

@inproceedings{kdd,
author = {Su, Ya and Zhao, Youjian and Niu, Chenhao and Liu, Rong and Sun, Wei and Pei, Dan},
title = {Robust Anomaly Detection for Multivariate Time Series through Stochastic Recurrent Neural Network},
year = {2019},
isbn = {9781450362016},
publisher = {Association for Computing Machinery},
address = {New York, NY, USA},
url = {https://doi.org/10.1145/3292500.3330672},
doi = {10.1145/3292500.3330672},
booktitle = {Proceedings of the 25th ACM SIGKDD International Conference on Knowledge Discovery \& Data Mining},
pages = {2828–2837},
numpages = {10},
keywords = {stochastic model, anomaly detection, recurrent neural network, multivariate time series},
location = {Anchorage, AK, USA},
series = {KDD ’19}
}


%@online{kdd,
%    author    = {Ya Su and Youjian Zhao and Chenhao Niu and et al.},
%    title     = "{Robust Anomaly Detection for Multivariate Time Series through Stochastic Recurrent %Neural Network}",
%    url       = {https://dl.acm.org/doi/10.1145/3292500.3330672},
%    year     = {2019},
%    month    = {7},
%    note      = {Retrieved Mar 28, 2020}
%}

@online{DevStd,
    author    = {Vincent Driessen},
    title     = "{A successful Git branching model}",
    url       = {https://nvie.com/posts/a-successful-git-branching-model/},
    year     = {2010},
    month    = {1},
    note      = {Retrieved Feb 28, 2020}
}

@online{Daisy,
    author    = {Daisy},
    title     = "{Daisy}",
    url       = {https://www.daisy.aau.dk/},
    year      = {2020},
    note      = {Retrieved Feb 28, 2020}
}

@online{Docker,
    author    = {Docker},
    title     = "{Docker}",
    url       = {https://www.docker.com/},
    year      = {2020},
    note      = {Retrieved Mar 2, 2020}
}

@online{Kubernetes,
    author    = {Kubernetes},
    title     = "{Kubernetes}",
    url       = {https://kubernetes.io/},
    year      = {2020},
    note      = {Retrieved Mar 2, 2020}
}

@book{a_practitioners_approach,
    author    = {Roger S. Pressman},
    title     = "{Software Engineering A Practitioner's Approach}",
    edition   = {7th edition},
    year      = {2009},
    isbn      = {978–0–07–337597–7},
    publisher = {McGraw-Hill},
    pages     = {747}
}

@book{deep_learning_practitioner,
   title =     "{Deep Learning: A Practitioner’s Approach}",
   author =    {Josh Patterson and Adam Gibson},
   publisher = {O’Reilly Media},
   isbn =      {9781491914250},
   year =      {2017},
   edition =   {1},
}

@online{understanding_vae,
    author    = {Irhum Shafkat},
    title     = "{Intuitively Understanding Variational Autoencoders}",
    url       = {https://towardsdatascience.com/intuitively-understanding-variational-autoencoders-1bfe67eb5daf},
    year      = {2018},
    note      = {Retrieved Mar 20, 2020}
}

@misc{doersch2016tutorial,
    title     = "{Tutorial on Variational Autoencoders}",
    author    = {Carl Doersch},
    year      = {2016},
    eprint    = {1606.05908},
    archivePrefix = {arXiv},
    primaryClass = {stat.ML}
}

@online{autoencoder_into,
    author    = {Matthew Stewart},
    title     = "{Comprehensive Introduction to Autoencoders}",
    year      = {2019},
    url       = {https://towardsdatascience.com/generating-images-with-autoencoders-77fd3a8dd368},
    note      = {Retrieved Mar 21, 2020},
}

@online{autoencoder_used,
    author    = {Will Badr},
    title     = "{Auto-Encoder: What Is It? And What Is It Used For? (Part 1)}",
    year      = {2019},
    url       = {https://towardsdatascience.com/auto-encoder-what-is-it-and-what-is-it-used-for-part-1-3e5c6f017726},
    note      = {Retrieved Mar 20, 2020},
}

@online{rnn_tutorial,
    author    = {Denny Britz},
    title     = "{Recurrent Neural Networks Tutorial, Part 1 – Introduction to RNNs}",
    year      = {2015},
    url       = {http://www.wildml.com/2015/09/recurrent-neural-networks-tutorial-part-1-introduction-to-rnns/},
    note      = {Retrieved Mar 21, 2020},
}

@online{gitlab,
    author    = {Gitlab},
    title     = "{The first single application for the entire DevOps lifecycle}",
    year      = {2020},
    url       = {https://about.gitlab.com/},
    note      = {Retrieved Mar 21, 2020},
}

@online{gitlab_what,
    author    = {Gitlab},
    title     = "{What is GitLab?}",
    year      = {2020},
    url       = {https://about.gitlab.com/what-is-gitlab/},
    note      = {Retrieved Mar 21, 2020},
}



@online{lstm_gru_tutorial,
    author    = {Denny Britz},
    title     = "{Recurrent Neural Network Tutorial, Part 4 – Implementing a GRU/LSTM RNN with Python and Theano}",
    year      = {2020},
    url       = {http://www.wildml.com/2015/10/recurrent-neural-network-tutorial-part-4-implementing-a-grulstm-rnn-with-python-and-theano/},
    note      = {Retrieved Mar 24, 2020},
}

@article{hawkins_he_williams_baxter_2002, 
    title     = "{Outlier Detection Using Replicator Neural Networks}", 
    DOI       = {10.1007/3-540-46145-0_17},
    journal   = {Data Warehousing and Knowledge Discovery Lecture Notes in Computer Science}, 
    author    = {Simon Hawkins and Hongxing He and Graham Williams and Rohan Baxter}, 
    year      = {2002},
    pages     = {170–180}
}

@inproceedings{vae_anomaly_detection,
    author    = {Haowen Xu and Wenxiao Chen and Nengwen Zhao and Zeyan Li and Jiahao Bu and Zhihan Li and Ying Liu and Youjian Zhao and Dan Pei and Yang Feng and et al.},
    title     = "{Unsupervised Anomaly Detection via Variational Auto-Encoder for Seasonal KPIs in Web Applications}",
    year      = {2018},
    isbn      = {9781450356398},
    publisher = {International World Wide Web Conferences Steering Committee},
    address   = {Republic and Canton of Geneva, CHE},
    url       = {https://doi.org/10.1145/3178876.3185996},
    doi       = {10.1145/3178876.3185996},
    booktitle = {Proceedings of the 2018 World Wide Web Conference},
    pages     = {187–196},
    numpages  = {10},
    keywords  = {anomaly detection, seasonal KPI, variational auto-encoder},
    location  = {Lyon, France},
    series    = {WWW ’18}
}
  
@misc{fabius2014variational,
    title     = "{Variational Recurrent Auto-Encoders}",
    author    = {Otto Fabius and Joost R. van Amersfoort},
    year      = {2014},
    eprint    = {1412.6581},
    archivePrefix = {arXiv},
    primaryClass = {stat.ML}
}

@online{rvae,
    author    = {Tejas Lodaya},
    title     = "{Variational Recurrent Autoencoder for timeseries clustering in pytorch}",
    year      = {2019},
    url       = {https://pythonawesome.com/variational-recurrent-autoencoder-for-timeseries-clustering-in-pytorch/},
    note      = {Retrieved Mar 27, 2020},
}

@online{astep,
    author    = {aSTEP},
    title     = "{Server Architecture}",
    year      = {2020},
    url       = {https://wiki.astep-dev.cs.aau.dk/server}
}

@online{discord,
    author    = {Discord},
    title     = "{A new way to chat with communities and friends.}",
    year      = {2020},
    url       = {https://discordapp.com/}
}

@inproceedings{related_work_rnn,
    author    = {Kyle Hundman and Valentino Constantinou and Christopher Laporte and Ian Colwell and Tom Soderstrom},
    title     = "{Detecting Spacecraft Anomalies Using LSTMs and Nonparametric Dynamic Thresholding}",
    year      = {2018},
    isbn      = {9781450355520},
    publisher = {Association for Computing Machinery},
    address   = {New York, NY, USA},
    url       = {https://doi.org/10.1145/3219819.3219845},
    doi       = {10.1145/3219819.3219845},
    booktitle = {Proceedings of the 24th ACM SIGKDD International Conference on Knowledge Discovery \& Data Mining},
    pages     = {387–395},
    numpages  = {9},
    keywords  = {lstms, time-series, rnns, forecasting, neural networks, anomaly detection, aerospace},
    location  = {London, United Kingdom},
    series    = {KDD ’18}
}
  
@online{yahoo_datasets,
    author    = "{Yahoo Labs}",
    title     = "{Computing Systems Data}",
    url       = {https://webscope.sandbox.yahoo.com/catalog.php?datatype=s},
    note      = {Retrieved Apr 07, 2020}
}

@online{GoogleTensorflowOpenSourced,
    author    = {Cade Metz},
    title     = "{Google Just Open Sourced TensorFlow, Its Artificial Intelligence Engine}",
    url       = {https://www.wired.com/2015/11/google-open-sources-its-artificial-intelligence-engine/},
    note      = {Retrieved Apr 09, 2020}
}

@online{TensorFlow,
    author    = "{TensorFlow}",
    title     = "{An end-to-end open source machine learning platform}",
    url       = {https://www.tensorflow.org/},
    note      = {Retrieved Apr 09, 2020}
}


@online{Keras,
    author    = "{Keras}",
    title     = "{Keras: The Python Deep Learning library}",
    url       = {https://keras.io/},
    note      = {Retrieved Apr 09, 2020}
}

@online{DistributedTrainingWithTensorFlow,
    author    = "{TensorFlow}",
    title     = "{Distributed training with TensorFlow}",
    url       = {https://www.tensorflow.org/guide/distributed_training},
    note      = {Retrieved Apr 09, 2020}
}

@online{DesignFlask,
    author    = "{Palletsprojects}",
    title     = "{Design Decisions in Flask}",
    url       = {https://flask.palletsprojects.com/en/1.1.x/design/#design},
    note      = {Retrieved Apr 09, 2020}
}

@online{DependenciesFlask,
    author    = "{Palletsprojects}",
    title     = "{Installation}",
    url       = {https://flask.palletsprojects.com/en/1.1.x/installation/},
    note      = {Retrieved Apr 09, 2020}
}


@online{PreProcessingSchilearn,
    author    = "{smallcowbaby}",
    title     = "{utils.py}",
    url       = {https://github.com/NetManAIOps/OmniAnomaly/blob/master/omni_anomaly/utils.py},
    note      = {Retrieved Apr 09, 2020}
}

@online{PyTorch,
    author    = "{PyTorch}",
    title     = "{PyTorch: From Research To Production}",
    url       = {https://pytorch.org/},
    note      = {Retrieved Apr 15, 2020}
}

@online{dl4j,
    author    = "{Deeplearning4j}",
    title     = "{Deep Learning for Java}",
    url       = {https://deeplearning4j.org/},
    note      = {Retrieved Apr 15, 2020}
}

@online{sklearn-anomaly,
    author    = "{Scikit-learn}",
    title     = "{Comparing anomaly detection algorithms for outlier detection on toy datasets}",
    url       = {https://scikit-learn.org/stable/auto_examples/plot_anomaly_comparison.html},
    note      = {Retrieved Apr 22, 2020}
}

@article{scikit-learn,
    title     = "{Scikit-learn: Machine Learning in {P}ython}",
    author    = {Pedregosa, F. and Varoquaux, G. and Gramfort, A. and Michel, V.
                 and Thirion, B. and Grisel, O. and Blondel, M. and Prettenhofer, P. and Weiss, R. and Dubourg, V. and Vanderplas, J. and Passos, A. and Cournapeau, D. and Brucher, M. and Perrot, M. and Duchesnay, E.},
    journal   = {Journal of Machine Learning Research},
    volume    = {12},
    pages     = {2825--2830},
    year      = {2011}
}

@online{PyTorch2,
    author    = {Serdar Yegulalp},
    title     = "{Facebook brings GPU-powered machine learning to Python}",
    url       = {https://www.infoworld.com/article/3159120/facebook-brings-gpu-powered-machine-learning-to-python.html},
    note      = {Retrieved Apr 25, 2020}
}

@online{actiavtions_keras,
    author    = "{TensorFlow}",
    title     = "{Module: tf.keras.activations}",
    url       = {https://www.tensorflow.org/api_docs/python/tf/keras/activationsl},
    note      = {Retrieved May 04, 2020}
}

@online{isolation_forest,
    author    = "{Fei Tony Liu and Kai Ming Ting and Zhi-Hua Zhou}",
    title     = "{Isolation Forest}",
    url       = {https://cs.nju.edu.cn/zhouzh/zhouzh.files/publication/icdm08b.pdf},
    note      = {Retrieved May 19, 2020}
}

@online{lof,
    author    = "{Markus M. Breunig and Hans-Peter Kriegel and Raymond T. Ng and Jörg Sander}",
    title     = "{LOF: Identifying Density-Based Local Outliers}",
    url       = {https://www.dbs.ifi.lmu.de/Publikationen/Papers/LOF.pdf},
    note      = {Retrieved May 19, 2020}
}